<?xml version="1.0" encoding="UTF-8"?>
<record xmlns="http://www.loc.gov/MARC21/slim" xmlns:xsi="http://www.w3.org/2001/XMLSchema-instance" xsi:schemaLocation="http://www.loc.gov/MARC21/slim http://www.loc.gov/standards/marcxml/schema/MARC21slim.xsd">
<leader>00000cam a22      a 4500</leader>
<controlfield tag="001">000372058</controlfield>
<controlfield tag="003">NNU</controlfield>
<controlfield tag="005">20150707173708.0</controlfield>
<controlfield tag="008">060804s1936    ua a          001 0 ara d</controlfield>
<datafield tag="035" ind1=" " ind2=" ">
<subfield code="a">(OCoLC)892575014</subfield>
</datafield>
<datafield tag="040" ind1=" " ind2=" ">
<subfield code="a">NjP</subfield>
<subfield code="b">eng</subfield>
<subfield code="c">N15</subfield>
<subfield code="d">OCLCO</subfield>
</datafield>
<datafield tag="050" ind1=" " ind2="4">
<subfield code="a">DT81</subfield>
<subfield code="b">.T978 1936</subfield>
</datafield>
<datafield tag="100" ind1="1" ind2=" ">
<subfield code="6">880-01</subfield>
<subfield code="a">Ṭūsūn, ʻUmar,</subfield>
<subfield code="c">Prince,</subfield>
<subfield code="d">1872-1944.</subfield>
</datafield>
<datafield tag="245" ind1="1" ind2="3">
<subfield code="6">880-02</subfield>
<subfield code="a">al-Jaysh al-Miṣrī fī al-Ḥarb al-Rūsīyah al-maʻrūf bi-Ḥarb al-Qirim 1853-1855 /</subfield>
<subfield code="c">li-ʻUmar Ṭūsūn.</subfield>
</datafield>
<datafield tag="260" ind1=" " ind2=" ">
<subfield code="6">880-03</subfield>
<subfield code="a">al-Iskandarīyah :</subfield>
<subfield code="b">Maṭbaʻat al-Mustaqbal,</subfield>
<subfield code="c">1936.</subfield>
</datafield>
<datafield tag="300" ind1=" " ind2=" ">
<subfield code="a">250, 13 p. :</subfield>
<subfield code="b">ill. ;</subfield>
<subfield code="c">26 cm.</subfield>
</datafield>
<datafield tag="610" ind1="1" ind2="0">
<subfield code="a">Egypt.</subfield>
<subfield code="b">Jayash</subfield>
<subfield code="x">History</subfield>
<subfield code="y">19th century.</subfield>
</datafield>
<datafield tag="650" ind1=" " ind2="0">
<subfield code="a">Crimean War, 1853-1856</subfield>
<subfield code="x">Participation, Egyptian.</subfield>
</datafield>
<datafield tag="651" ind1=" " ind2="0">
<subfield code="a">Egypt</subfield>
<subfield code="x">History, Military</subfield>
<subfield code="y">19th century.</subfield>
</datafield>
<datafield tag="880" ind1="1" ind2=" ">
<subfield code="6">100-01/</subfield>
<subfield code="a">طوسون، عمر،</subfield>
<subfield code="c">Prince,</subfield>
<subfield code="d">1872-1944.</subfield>
</datafield>
<datafield tag="880" ind1="1" ind2="3">
<subfield code="6">245-02/</subfield>
<subfield code="a">الجيش المصري فى الحرب الروسية المعروفة بحرب القرم ١٨٥٣-١٨٥٥ /</subfield>
<subfield code="c">لعمر طوسون.</subfield>
</datafield>
<datafield tag="880" ind1=" " ind2=" ">
<subfield code="6">260-03/</subfield>
<subfield code="a">الاسكندرية ؛</subfield>
<subfield code="b">مطبعة المستقبل،</subfield>
<subfield code="c">١٩٣٦.</subfield>
</datafield>
<datafield tag="OWN" ind1=" " ind2=" ">
<subfield code="a">GENERAL</subfield>
</datafield>
<datafield tag="AVA" ind1=" " ind2=" ">
<subfield code="a">NYU50</subfield>
<subfield code="b">BOBST</subfield>
<subfield code="c">Main Collection</subfield>
<subfield code="d">DT81 .T978 1936</subfield>
<subfield code="e">unavailable</subfield>
<subfield code="t">Unavailable</subfield>
<subfield code="f">1</subfield>
<subfield code="g">1</subfield>
<subfield code="h">N</subfield>
<subfield code="i">0</subfield>
<subfield code="j">MAIN</subfield>
<subfield code="k">0</subfield>
</datafield>
</record>
